<?xml version="1.0" encoding="UTF-8"?><record xmlns="http://www.loc.gov/MARC21/slim" xmlns:cinclude="http://apache.org/cocoon/include/1.0" xmlns:zs="http://www.loc.gov/zing/srw/">
  <leader>00403nz  a2200121n  4500</leader>
  <controlfield tag="001">n 2012007735</controlfield>
  <controlfield tag="003">DLC</controlfield>
  <controlfield tag="005">20120203075023.0</controlfield>
  <controlfield tag="008">120202n| acannaabn          |n aaa      </controlfield>
  <datafield tag="010" ind1=" " ind2=" ">
    <subfield code="a">n 2012007735</subfield>
  </datafield>
  <datafield tag="040" ind1=" " ind2=" ">
    <subfield code="a">DLC</subfield>
    <subfield code="b">eng</subfield>
    <subfield code="c">DLC</subfield>
  </datafield>
  <datafield tag="100" ind1="1" ind2=" ">
    <subfield code="a">Chan, Eddie C. L.</subfield>
  </datafield>
  <datafield tag="670" ind1=" " ind2=" ">
    <subfield code="a">Introduction to wireless localization, 2012:</subfield>
    <subfield code="b">ECIP t.p. (Eddie C.L. Chan, Hong Kong University of Science and Technology, Hong Kong, P.R. China)</subfield>
  </datafield>
</record>